@article{ref1,
    author          = {Ripley},
    title           = {B.D.Neural Networks and Related Methods for Classification (with discussion)},
    journal         = {J.R.Statist.Soc.B},
    year            = {1994},
    volume          = {56},
    pages           = {409-456},
}

@article{ref2,
    author          = {郭春香\~李旭升},
    title           = {贝叶斯网络个人信用评估模型},
    journal         = {系统管理学报},
    year            = {2009},
    volume          = {6},
    pages           = {249-254},
}

@article{ref3,
    author          = {丁东洋\~周丽莉},
    title           = {基于贝叶斯方法的信用评级模型构建与违约概率估计},
    journal         = {统计与信息论坛},
    year            = {2010},
    volume          = {9},
    pages           = {8-15},
}

@misc{ref4,
    title        = {Give Me Some Credit},
    howpublished = {\url{https://www.kaggle.com/c/GiveMeSomeCredit/overview}},
}

@misc{ref5,
    title        = {评分卡生成及sas实施
        },
    howpublished = {\url{https://blog.csdn.net/PbGc396Dwxjb77F2je/article/details/78786994}},
}

@article{woe,
    author          = {Bruce Lund and Detroit MI and Wilmington DE and Charlotte NC},
    title           = {Weight of Evidence Coding for the Cumulative Logit Model},
    pages           = {785},
    year            = {2017}
}

@article{woe_iv,
    author          = {Deepanshu Bhalla},
    title           = {WEIGHT OF EVIDENCE (WOE) AND INFORMATION VALUE (IV) EXPLAINED},
    year            = {2015},
    month           = {03},
}

@article{rl,
    author = {Peng, Joanne and Lee, Kuk and Ingersoll, Gary},
    year = {2002},
    month = {09},
    pages = {3-14},
    title = {An Introduction to Logistic Regression Analysis and Reporting},
    volume = {96},
    journal = {Journal of Educational Research - J EDUC RES},
    doi = {10.1080/00220670209598786}
}

@article{ft,
    author={A. {Kusiak}},
    journal={IEEE Transactions on Electronics Packaging Manufacturing},
    title={Feature transformation methods in data mining},
    year={2001},
    volume={24},
    number={3},
    pages={214-221}
}

@inproceedings{nn,
    author={S. {Albawi} and T. A. {Mohammed} and S. {Al-Zawi}},
    booktitle={2017 International Conference on Engineering and Technology (ICET)},
    title={Understanding of a convolutional neural network},
    year={2017},
    volume={},
    number={},
    pages={1-6}
}

@inproceedings{ae,
    author={S. {Maheshwari} and A. {Majumdar}},
    booktitle={2018 International Joint Conference on Neural Networks (IJCNN)},
    title={Hierarchical Autoencoder for Collaborative Filtering},
    year={2018},
    volume={},
    number={},
    pages={1-7}
}

@article{rf,
    author = {Ali, Jehad and Khan, Rehanullah and Ahmad, Nasir and Maqsood, Imran},
    year = {2012},
    month = {09},
    pages = {},
    title = {Random Forests and Decision Trees},
    volume = {9},
    journal = {International Journal of Computer Science Issues(IJCSI)}
}

@inproceedings{lg,
    title={LightGBM: A Highly Efficient Gradient Boosting Decision Tree},
    author={Guolin Ke and Qi Meng and Thomas Finley and Taifeng Wang and Wei Chen and Weidong Ma and Qiwei Ye and Tie-Yan Liu},
    booktitle={NIPS},
    year={2017}
}